@manual{inmetro2003,
	Author = {INMETRO},
	Title = {Vocabulário internacional de termos fundamentais e gerais de
	metrologia},
	Year = {2013},
	Address = {Rio de Janeiro, Brasil},
	Pages = {75},
	isbn = {85-87090-90-9},
}

@inproceedings{soviero1997,
	Author = {P. A. O. Soviero and L. G. M. Lavagna},
	Title = {A Numerical Model for Thin Airfoils in Unsteady Motion},
	Year = {1997},
	Pages = {332-340},
	Volume = {19},
	Number = {3},
	Booktitle = {Journal of the Brazilian Societyt Mechanical Sciences},	
}

@inproceedings{sutherland,
	Author = {J. Sutherland and A. Viktorov and J. Blount and N. Puntikov},
	Title = {Distributed scrum: Agile project management with outsourced development teams},
	Year = {2007},
	Pages = {274},
	Booktitle = {Proceedings o f the
40th Annual Hawaii International Conference on System Sciences},	
}

@inproceedings{sparrow1980,
	Author = {E. M. Sparrow},
	Title = {Forced Convection Heat Transfer in a Duct Having Spanwise-Periodic
	Rectangular Protuberances},
	Year = {1980},
	Pages = {149-167},
	Volume = {3},
	Booktitle = {Numerical Heat Transfer},
}

@article{clark1986,
	Author = {J. A. Clark},
	Title = {Private Communication},
	Year = {1986},
	Address = {University of Michigan},
}

@article{arruda2007,
	Author = {M. B. B. Arruda},
	Title = {Como fazer referências: bibliográficas, eletrônicas e demais
	formas de documentos},
	Year = {2007},
	Url = {http://bu.ufsc.br/framerefer.html}
}

@article{coimbra1978,
	Author = {A. L. Coimbra},
	Title = {Lessons of Continuum Mechanics},
	Year = {1978},
	Address = {São Paulo, Brazil},
	Pages = {428},
	Editor = {Edgard Blücher},
}

@inproceedings{bordalo1989,
	Author = {S. N. Bordalo and J. H. Ferziger and S. J. Kline},
	Title = {The Development of Zonal Models for Turbulence},
	Year = {1989},
	Pages = {41-44},
	Booktitle = {Proceedings of the 10th Brazilian Congress of Mechanical
	Engineering}, 
	Volume = {1},	
}

@manual{NBR14724:2011,
	Address = {Rio de Janeiro},
	Date-Added = {2012-12-15 20:34:08 +0000},
	Date-Modified = {2012-12-15 20:35:25 +0000},
	Month = mar,
	Org-Short = {ABNT},
	Organization = {Associa{\c c}\~ao Brasileira de Normas T\'ecnicas},
	Pages = 15,
	Subtitle = {Informa{\c c}\~ao e documenta{\c c}\~ao --- trabalhos acad\^emicos --- apresenta{\c c}\~ao},
	Title = {{NBR} 14724},
	Year = 2011
}

@manual{NBR6034:2000,
	Address = {Rio de Janeiro},
	Org-Short = {ABNT},
	Organization = {Associa{\c c}\~ao Brasileira de Normas T\'ecnicas},
	Subtitle = {Informa{\c c}\~ao e documenta{\c c}\~ao --- Referências},
	Title = {{NBR} 14724},
	Year = 2000
}

@manual{iso-metricas,
	Address = {Rio de Janeiro},
	Org-Short = {ABNT},
	Organization = {Associa{\c c}\~ao Brasileira de Normas T\'ecnicas},
	Subtitle = {Engenharia de software - Qualidade de produto},
	Title = {{NBR} ISO/IEC 9126-1},
	Year = 2003
}

@inproceedings{mills,
	Author = {E. E. Mills},
	Title = {Software Metrics},
	Year = {1988},
	Address = {SEI - Carnegie Mellon University.},
	Booktitle = {Relatório técnico, Software Engineering Institute},	
}

@inproceedings{prmm,
	Author = {P. R. M. Meirelles},
	Title = {Monitoramento de métricas de código-fonte em projetos de software livre},
	Year = {2013},
	Address = {USP - São Paulo},
}

@misc{bizagi,
  title = {Bizagi Modeler},
  howpublished = {\url{http://www.bizagi.com/pt/produtos/bpm-suite/modeler}},
  year={2017},
  note = {Acesso em: 2017-05-13}
}

@misc{gartner-top-os,
	Author = {Gartner},
	Title = {Gartner Says Five of Top 10 Worldwide Mobile Phone Vendors Increased Sales in Second Quarter of 2016},
	Year = {2016},
	Url = {http://www.gartner.com/newsroom/id/3415117},
	Note = {Acesso em: 2017-05-21},
}

@article{android,
	Author = {Google},
	Title = {About Android},
	Year = {2017},
	Url = {https://developer.android.com/about/android.html},
	Note = {Acesso em: 2017-05-21},
}

@article{waze,
	Author = {Waze},
	Title = {About Waze},
	Year = {2017},
	Url = {https://www.waze.com/pt-BR/about},
	Note = {Acesso em: 2017-05-22},
}

@article{google-maps,
	Author = {Google},
	Title = {About Google Maps},
	Year = {2017},
	Url = {https://www.google.com/intl/pt-BR/maps/about/},
	Note = {Acesso em: 2017-05-24},
}

@article{herewego,
	Author = {HERE Technologies},
	Title = {About HERE WeGo},
	Year = {2017},
	Url = {https://here.com/en/products-services/consumer-app/here-wego-app},
	Note = {Acesso em: 2017-05-24},
}

@inproceedings{mobile-dev,
	Author = {D. V. S\'anchez and E. H. Rubio and E. F. R. Ledesma and A. M. Viveros },
	Title = {Student Role Functionalities Towards Learning Management Systems As Open Platforms Through Mobile Devices  },
	Year = {2014},
	Address = {Cholula, Mexico},
	Booktitle = {2014 International Conference on Electronics, Communications and Computers },	
}

@inproceedings{hybrid-1,
	Author = {N. Serrano and J. Hernantes and G. Gallardo},
	Title = {Mobile Web Apps},
	Year = {2013},
	Booktitle = {IEEE Software},
}

@inproceedings{hybrid-2,
	Author = {I. Dalmasso and S. K. Datta and C. Bonnet and N. Nikaein},
	Title = {Survey, comparison and evaluation of cross platform mobile application development tools},
	Year = {2013},
	Address = {Sardinia, Italy},
	Booktitle = {Wireless Communications and Mobile Computing Conference (IWCMC), 2013 9th International},
}
@book{gps-1,
	Author = {B. Hofmann-Wellenhof and H. Lichtenegger and J. Collins},
	Title = {Global Positioning System. Theory and Practice},
	Year = {1993},
	Publisher= {Springer},
}
@inproceedings{hybrid-frameworks,
	Author = {N. Litayem and B. Dhupia and S. Rubab},
	Title = {Review of Cross-Platforms for Mobile Learning Application Development},
	Year = {2015},
	Address = {University of Carthage, Tunisia},
	Booktitle = {(IJACSA) International Journal of Advanced Computer Science and Applications},
	Volume = {1},
}

@inproceedings{mobile-dev-2,
	Author = {S. Lim},
	Title = {Experimental Comparison of Hybrid and Native Applications for Mobile Systems},
	Address = {Hankuk University of Foreign Studies},
	Year = {2015},
	Booktitle = {International Journal of Multimedia and Ubiquitous Engineering},
	Volume = {1},
}

@misc{manifesto,
	Author =  {Kent Beck and Mike Beedle and Alistair Cockburn and Ward Cunningham and Martin Fowler and James Grenning and Jim Highsmith and Andrew Hunt},
	Title = {Agile Manifesto},
	Year = {2001},
	Url = {http://agilemanifesto.org/iso/ptbr/principles.html},
	note = {Acessado em 25-05-2017},
}

@book{livro-deploy-continuo,
	Author =  {J. Humble and D. Farley},
	Title = {Continuous Delivery: Reliable Software Releases through Build, Test, and Deployment Automation},
	Publisher = {Addison-Wesley Professional},
	Year = {2010},
}

@misc{network-world,
	Title = {5 things you need to know about Continuous Delivery software development.},
	Author = {Network World},
	Year = {2013},
	Url = {go.galegroup.com/ps/i.do?p=AONE&sw=w&u=capes&v=2.1&id=GALE%7CA341527985&it=r&asid=327e5e304e953b607815c37d26ce48df},
	note = {Acessado em 25-05-2017},
}



@book{continuous-integration,
	Author = {K. Beck and C. Andres},
	Title = {Extreme Programming Explained: Embrace Change},
	Year = {2004},
	Publisher = {Addison-Wesley},
	Edition = {2nd},
}

@book{rds-tmc,
	Author = {D. Kopitz and B. Marks},
	Title = {RDS: The Radio Data System},
	Year = {1998},
	Publisher= {Artech House Books},
}
